<collection xmlns="http://www.loc.gov/MARC21/slim">
<record>
  <leader>01409nam0a2200301 i 450 </leader>
  <controlfield tag="001">IT\ICCU\CNCE\036214</controlfield>
  <controlfield tag="005">20080326000000.0</controlfield>
  <datafield tag="012" ind1=" " ind2=" ">
    <subfield code="a">n-o- itor sqor menr (C) 1515 (R)</subfield>
    <subfield code="2">fei</subfield>
  </datafield>
  <datafield tag="100" ind1=" " ind2=" ">
    <subfield code="a">19980120d1515        0itac0103    ba</subfield>
  </datafield>
  <datafield tag="101" ind1=" " ind2=" ">
    <subfield code="a">LAT</subfield>
  </datafield>
  <datafield tag="102" ind1=" " ind2=" ">
    <subfield code="a">IT</subfield>
  </datafield>
  <datafield tag="200" ind1="1" ind2=" ">
    <subfield code="a">℗Guarini Veronensis viri doctissimi, ℗Institutiones grammaticales nuper emendatae, foeliciter incipiunt</subfield>
  </datafield>
  <datafield tag="210" ind1=" " ind2=" ">
    <subfield code="e">Impressum Venetiis</subfield>
    <subfield code="g">per magistrum Petrum Bergomensem</subfield>
    <subfield code="h">die X Nouemb. 1515</subfield>
  </datafield>
  <datafield tag="215" ind1=" " ind2=" ">
    <subfield code="a">\24! c.</subfield>
    <subfield code="d">4ʻ</subfield>
  </datafield>
  <datafield tag="620" ind1=" " ind2=" ">
    <subfield code="a">IT</subfield>
    <subfield code="d">Venezia</subfield>
  </datafield>
  <datafield tag="700" ind1=" " ind2="0">
    <subfield code="a">Guarino</subfield>
    <subfield code="c"> : Veronese</subfield>
    <subfield code="3">IT\ICCU\CNCA\003041</subfield>
  </datafield>
  <datafield tag="712" ind1="0" ind2="0">
    <subfield code="a">Quarengi, Pietro</subfield>
    <subfield code="3">IT\ICCU\CNCT\000465</subfield>
    <subfield code="4">650</subfield>
  </datafield>
  <datafield tag="790" ind1=" " ind2="1">
    <subfield code="a">Guarini,</subfield>
    <subfield code="b">Guarino</subfield>
    <subfield code="3">IT\ICCU\CNCA\014293</subfield>
    <subfield code="z">Guarino : Veronese</subfield>
  </datafield>
  <datafield tag="790" ind1=" " ind2="0">
    <subfield code="a">Guarinus</subfield>
    <subfield code="c"> : Veronensis</subfield>
    <subfield code="3">IT\ICCU\CNCA\014294</subfield>
    <subfield code="z">Guarino : Veronese</subfield>
  </datafield>
  <datafield tag="791" ind1="0" ind2="2">
    <subfield code="a">Petrus Bergomensis</subfield>
    <subfield code="3">IT\ICCU\CNCT\002539</subfield>
    <subfield code="z">Quarengi, Pietro</subfield>
  </datafield>
  <datafield tag="791" ind1="0" ind2="0">
    <subfield code="a">Quirenti, Petrus de</subfield>
    <subfield code="3">IT\ICCU\CNCT\004062</subfield>
    <subfield code="z">Quarengi, Pietro</subfield>
  </datafield>
  <datafield tag="791" ind1="0" ind2="2">
    <subfield code="a">Petrus Bergomas</subfield>
    <subfield code="3">IT\ICCU\CNCT\005263</subfield>
    <subfield code="z">Quarengi, Pietro</subfield>
  </datafield>
  <datafield tag="791" ind1="0" ind2="0">
    <subfield code="a">Quarengiis, Petrus de</subfield>
    <subfield code="3">IT\ICCU\CNCT\005264</subfield>
    <subfield code="z">Quarengi, Pietro</subfield>
  </datafield>
  <datafield tag="791" ind1="0" ind2="0">
    <subfield code="a">Bergamo, Petrus de</subfield>
    <subfield code="3">IT\ICCU\CNCT\005265</subfield>
    <subfield code="z">Quarengi, Pietro</subfield>
  </datafield>
  <datafield tag="791" ind1="0" ind2="0">
    <subfield code="a">Quarenghis, Petrus de</subfield>
    <subfield code="3">IT\ICCU\CNCT\005268</subfield>
    <subfield code="z">Quarengi, Pietro</subfield>
  </datafield>
  <datafield tag="791" ind1="0" ind2="0">
    <subfield code="a">Quarengius, Ioannes Petrus</subfield>
    <subfield code="3">IT\ICCU\CNCT\005270</subfield>
    <subfield code="z">Quarengi, Pietro</subfield>
  </datafield>
  <datafield tag="801" ind1=" " ind2="3">
    <subfield code="a">IT</subfield>
    <subfield code="b">ICCU</subfield>
    <subfield code="c">20201114</subfield>
  </datafield>
  <datafield tag="899" ind1=" " ind2=" ">
    <subfield code="a">Biblioteca nazionale centrale. Firenze</subfield>
    <subfield code="1">FI0098</subfield>
    <subfield code="2">CFI CF</subfield>
  </datafield>
</record>
</collection>
